@inproceedings{insafutdinov2017cvpr,
    title = {ArtTrack: Articulated Multi-person Tracking in the Wild},
    booktitle = {CVPR'17},
    url = {http://arxiv.org/abs/1612.01465},
    author = {Eldar Insafutdinov and Mykhaylo Andriluka and Leonid Pishchulin and Siyu Tang and Evgeny Levinkov and Bjoern Andres and Bernt Schiele}
}


@inproceedings{zhao2017pspnet,
  author = {Hengshuang Zhao and
            Jianping Shi and
            Xiaojuan Qi and
            Xiaogang Wang and
            Jiaya Jia},
  title = {Pyramid Scene Parsing Network},
  booktitle = {Proceedings of IEEE Conference on Computer Vision and Pattern Recognition (CVPR)},
  year = {2017}
}

@article{wang2015where2stand,
  title={Where2Stand: A human position recommendation system for souvenir photography},
  author={Wang, Yinting and Song, Mingli and Tao, Dacheng and Rui, Yong and Bu, Jiajun and Tsoi, Ah Chung and Zhuo, Shaojie and Tan, Ping},
  journal={ACM Transactions on Intelligent Systems and Technology (TIST)},
  volume={7},
  number={1},
  pages={9},
  year={2015},
  publisher={ACM}
}

@article{xu2014should,
  title={Where should I stand? Learning based human position recommendation for mobile photographing},
  author={Xu, Pengfei and Yao, Hongxun and Ji, Rongrong and Liu, Xian-Ming and Sun, Xiaoshuai},
  journal={Multimedia tools and applications},
  volume={69},
  number={1},
  pages={3--29},
  year={2014},
  publisher={Springer}
}


@inproceedings{ma2014pose,
  title={Pose maker: A pose recommendation system for person in the landscape photographing},
  author={Ma, Shuang and Fan, Yangyu and Chen, Chang Wen},
  booktitle={Proceedings of the 22nd ACM international conference on Multimedia},
  pages={1053--1056},
  year={2014},
  organization={ACM}
}

@article{zhu2014mirror,
  title={Mirror mirror: Crowdsourcing better portraits},
  author={Zhu, Jun-Yan and Agarwala, Aseem and Efros, Alexei A and Shechtman, Eli and Wang, Jue},
  journal={ACM Transactions on Graphics (TOG)},
  volume={33},
  number={6},
  pages={234},
  year={2014},
  publisher={ACM}
}

@inproceedings{fu2013data,
  title={Data-driven suggestions for portrait posing},
  author={Fu, Hongbo and Han, Xiaoguang and Phan, Quoc Huy},
  booktitle={SIGGRAPH Asia 2013 Technical Briefs},
  pages={29},
  year={2013},
  organization={ACM}
}

@INPROCEEDINGS{chao:wacv2018,
  author = {Yu-Wei Chao and Yunfan Liu and Xieyang Liu and Huayi Zeng and Jia Deng},
  booktitle = {Proceedings of the IEEE Winter Conference on Applications of Computer Vision},
  title = {Learning to Detect Human-Object Interactions},
  year = {2018},
}